@article{candes-rip,
  title={The restricted isometry property and its implications for compressed sensing},
  author={Candès, Emmanuel J},
  journal={Comptes Rendus Mathematique},
  volume={346},
  number={9},
  pages={589--592},
  year={2008},
  publisher={Elsevier}
}

@article{rip-np,
  title={The computational complexity of the restricted isometry property, the nullspace property, and related concepts in compressed sensing},
  author={Tillmann, Andreas M and Pfetsch, Marc E},
  journal={IEEE Transactions on Information Theory},
  volume={60},
  number={2},
  pages={1248--1259},
  year={2014},
  publisher={IEEE}
}

@article{ctr-stable,
  title={Stable signal recovery from incomplete and inaccurate measurements},
  author={Candès, Emmanuel J and Romberg, Justin K and Tao, Terence},
  journal={Communications on pure and applied mathematics},
  volume={59},
  number={8},
  pages={1207--1223},
  year={2006},
  publisher={Wiley Online Library}
}

@article{ct-decoding,
  title={Decoding by linear programming},
  author={Candès, Emmanuel J and Tao, Terence},
  journal={IEEE Transactions on Information Theory},
  volume={51},
  number={12},
  pages={4203--4215},
  year={2005},
  publisher={IEEE}
}

@article{single-pixel,
  title={Single-pixel imaging via compressive sampling},
  author={Duarte, Marco F and Davenport, Mark A and Takhar, Dharmpal and Laska, Jason N and Sun, Ting and Kelly, Kevin E and Baraniuk, Richard G},
  journal={IEEE Signal Processing Magazine},
  volume={25},
  number={2},
  pages={83},
  year={2008}
}

@article{tg-matching,
  title={Signal recovery from random measurements via orthogonal matching pursuit},
  author={Tropp, Joel A and Gilbert, Anna C},
  journal={IEEE Transactions on Information Theory},
  volume={53},
  number={12},
  pages={4655--4666},
  year={2007},
  publisher={IEEE}
}

@article{cw-intro,
  title={An introduction to compressive sampling},
  author={Cand{\`e}s, Emmanuel J and Wakin, Michael B},
  journal={Signal Processing Magazine, IEEE},
  volume={25},
  number={2},
  pages={21--30},
  year={2008},
  publisher={IEEE}
}

@book{cs-book,
  title={Compressed sensing: theory and applications},
  author={Eldar, Yonina C and Kutyniok, Gitta},
  year={2012},
  publisher={Cambridge University Press}
}

@article{users-guide,
  title={A user's guide to compressed sensing for communications systems},
  author={Hayashi, Kazunori and Nagahara, Masaaki and Tanaka, Toshiyuki},
  journal={IEICE transactions on communications},
  volume={96},
  number={3},
  pages={685--712},
  year={2013},
  publisher={The Institute of Electronics, Information and Communication Engineers}
}

@article{cs-science,
  title={More is less: signal processing and the data deluge},
  author={Baraniuk, Richard G},
  journal={Science},
  volume={331},
  number={6018},
  pages={717--719},
  year={2011},
  publisher={American Association for the Advancement of Science}
}

@article{donoho-cs,
  title={Compressed sensing},
  author={Donoho, David L},
  journal={IEEE Transactions on Information Theory},
  volume={52},
  number={4},
  pages={1289--1306},
  year={2006},
  publisher={IEEE}
}

@book{ole-frames,
  title={An introduction to frames and Riesz bases},
  author={Christensen, Ole},
  year={2003},
  publisher={Springer Science \& Business Media}
}

@article{nullspace,
  title={Compressed sensing and best k-term approximation},
  author={Cohen, Albert and Dahmen, Wolfgang and DeVore, Ronald},
  journal={Journal of the American mathematical society},
  volume={22},
  number={1},
  pages={211--231},
  year={2009}
}

@article{rip-jl,
  title={A simple proof of the restricted isometry property for random matrices},
  author={Baraniuk, Richard and Davenport, Mark and DeVore, Ronald and Wakin, Michael},
  journal={Constructive Approximation},
  volume={28},
  number={3},
  pages={253--263},
  year={2008},
  publisher={Springer}
}

@article{romberg-intro,
  title={Imaging via compressive sampling [introduction to compressive sampling and recovery via convex programming]},
  author={Romberg, Justin},
  journal={IEEE Signal Processing Magazine},
  volume={25},
  number={2},
  pages={14--20},
  year={2008}
}

@book{foucart-intro,
  title={A mathematical introduction to compressive sensing},
  author={Foucart, Simon and Rauhut, Holger},
  year={2013},
  publisher={Springer}
}

@article{sparse-np,
  title={Sparse approximate solutions to linear systems},
  author={Natarajan, Balas Kausik},
  journal={SIAM journal on computing},
  volume={24},
  number={2},
  pages={227--234},
  year={1995},
  publisher={SIAM}
}

@article{dantzig-selector,
  title={The Dantzig selector: statistical estimation when p is much larger than n},
  author={Candes, Emmanuel and Tao, Terence},
  journal={The Annals of Statistics},
  pages={2313--2351},
  year={2007},
  publisher={Institute of Mathematical Sciences}
}

@article{qaisar-compressive,
  title={Compressive sensing: From theory to applications, a survey},
  author={Qaisar, Saad and Bilal, Rana Muhammad and Iqbal, Wafa and Naureen, Muqaddas and Lee, Sungyoung},
  journal={Journal of Communications and Networks},
  volume={15},
  number={5},
  pages={443--456},
  year={2013},
  publisher={IEEE}
}

@article{kutyniok-cs,
  title={Theory and applications of compressed sensing},
  author={Kutyniok, Gitta},
  journal={GAMM-Mitteilungen},
  volume={36},
  number={1},
  pages={79--101},
  year={2013},
  publisher={Wiley Online Library}
}
